<record><leader>00000cas a22000007a 4500</leader><controlfield tag="001">16751650</controlfield><controlfield tag="008">870925u18uuuuuutxuwr ne      0    0eng d</controlfield><datafield ind1=" " ind2=" " tag="010"><subfield code="a">sn 87090846 </subfield></datafield><datafield ind1=" " ind2=" " tag="040"><subfield code="a">PPM</subfield><subfield code="b">eng</subfield><subfield code="c">PPM</subfield><subfield code="d">OCLCQ</subfield></datafield><datafield ind1=" " ind2=" " tag="042"><subfield code="a">msc</subfield></datafield><datafield ind1="0" ind2=" " tag="130"><subfield code="a">Plow and hammer (Whitewright, Tex.)</subfield></datafield><datafield ind1="1" ind2="0" tag="245"><subfield code="a">Plow and hammer.</subfield></datafield><datafield ind1=" " ind2=" " tag="260"><subfield code="a">Whitewright, Tex. :</subfield><subfield code="b">Reubell &amp; Moyer</subfield></datafield><datafield ind1=" " ind2=" " tag="310"><subfield code="a">Weekly</subfield></datafield><datafield ind1=" " ind2=" " tag="588"><subfield code="a">Description based on: Vol. 4, no. 31 (Aug. 3, 1889).</subfield></datafield><datafield ind1=" " ind2=" " tag="752"><subfield code="a">United States</subfield><subfield code="b">Texas</subfield><subfield code="c">Grayson</subfield><subfield code="d">Whitewright.</subfield></datafield><datafield ind1="1" ind2=" " tag="029"><subfield code="a">AU@</subfield><subfield code="b">000025830414</subfield></datafield></record>